
@book {40_js,
	author    = "David Flanagan",
	title     = "JavaScript: The Definitive Guide (6th ed.)",
	publisher = "O'Reilly & Associates",
	year      = "2011"
}

@online {40_js_img,
	author       = "Vilmatech",
	url = "https://blog.vilmatech.com/wp-content/uploads/2018/05/Javascript.jpg",
	urldate         = {2019-10-30}
}


@online {40_apache,
	author       = "The Apache HTTP Server",
	url = "https://httpd.apache.org/",
	urldate         = {2019-10-30}
}

@online {40_apache_img,
	author       = "Apache",
	url = "https://httpd.apache.org/images/httpd_logo_wide_new.png",
	urldate         = {2019-10-30}
}

@online {40_bootstrap_img,
	author       = "Medium",
	url = "https://miro.medium.com/max/824/1*9RqBEDU9Mbg6XM8O6d7Q9A.png",
	urldate         = {2019-10-30}
}

@online {40_datatables,
	author       = "Datatables",
	url = "https://datatables.net/",
	urldate         = {2019-10-30}
}

@online {40_datatables_img,
	author       = "Larsbutnotleast.",
	url = "https://larsbutnotleast.xyz/genius/res/datatables.png",
	urldate         = {2019-10-30}
}


@online {40_css_img,
	author       = "Trzcak",
	url = "https://www.trzcacak.rs/myfile/detail/362-3626363_html-css-js-php-logo.png",
	urldate         = {2019-10-30}
}

@online {40_mysql_img,
	author       = "MySQL",
	url = "https://www.mysql.com/common/logos/logo-mysql-170x115.png",
	urldate         = {2019-10-30}
}

@online {40_php_img,
	author       = "Com Lounge",
	url = "https://comlounge.net/wp-content/uploads/2016/02/PHP-logo.svg_.png",
	urldate         = {2019-10-30}
}

@online {40_font_awesome_img,
	author       = "Divi Space",
	url = "https://divi.space/wp-content/uploads/2018/03/font-awesome-image-.png",
	urldate         = {2018-10-30}
}

@online {50_apache,
	author       = "Biteno",
	url = "https://www.biteno.com/was-ist-apache/",
	urldate         = {2019-10-01}
}

@online {50_mysql,
	author       = "Big Data Insider",
	url = "https://www.bigdata-insider.de/was-ist-mysql-a-614184/",
	urldate         = {2019-10-07}
}
@online {50_php,
	author       = "Dev Insider",
	url = "https://www.dev-insider.de/was-ist-php-a-578773/",
	urldate         = {2019-10-10}
}
@online {50_javascript,
	author       = "Dev Insider",
	url = "https://www.dev-insider.de/was-ist-javascript-a-586580/",
	urldate         = {2019-10-10}
}
@online {50_python,
	author       = "Dev Insider",
	url = "https://www.dev-insider.de/was-ist-python-a-843060/",
	urldate         = {2019-10-12}
}
@online {50_html,
	author       = "Dev Insider",
	url = "https://praxistipps.chip.de/was-ist-html-verstaendlich-erklaert_40979",
	urldate         = {2019-10-11}
}
@online {50_css,
	author       = "Sistrix",
	url = "https://www.sistrix.de/frag-sistrix/css-cascading-style-sheets/",
	urldate         = {2019-10-12}
}
@online {50_ssl,
	author       = "2daygeek",
	url = "https://www.2daygeek.com/install-ssl-tls-certificate-on-apache-web-server/",
	urldate         = {2019-10-12}
}
@online {50_raspi,
	author       = "Elektronik Kompendium",
	url = "https://www.elektronik-kompendium.de/sites/com/1904221.htm",
	urldate         = {2019-10-13}
}
@online {50_json,
	author       = "Dev Insider",
	url = "https://www.dev-insider.de/was-ist-json-a-702243/",
	urldate         = {2019-10-20}
}
@online {50_SSS,
	author       = "Computer Woche",
	url="https://www.tecchannel.de/a/owncloud-9-unter-ubuntu-server-16-04-lts-installieren,3277807,2",
	urldate         = {2019-10-16}
}
@online {50_telegram,
	author       = "Computer Woche",
	url="https://core.telegram.org/",
	urldate         = {2019-10-17}
}

@online {50_Wetter,
	author       = "reDim",
	url="https://www.redim.de/schnittstellenprogrammierung",
	urldate         = {2019-10-18}
}


















