
@book {40_js,
	author    = "David Flanagan",
	title     = "JavaScript: The Definitive Guide (6th ed.)",
	publisher = "O'Reilly and Associates",
	year      = "2011"
}

@online {40_bootstrap,
	author       = "Bootstrap World DE",
	url = "https://www.bootstrapworld.de/was-ist-bootstrap.html",
	urldate         = {2020-01-15}
}


@online {40_apache,
	author       = "The Apache HTTP Server",
	url = "https://httpd.apache.org/",
	urldate         = {2019-11-05}
}

@online {40_datatables,
	author       = "Datatables",
	url = "https://datatables.net/",
	urldate         = {2019-11-05}
}


@online {40_sessions_cookies,
	author       = "Tutorials Point",
	url = "https://www.tutorialspoint.com/What-is-the-difference-between-session-and-cookies",
	urldate         = {2019-11-30}
}

@online {40_phpmailer,
	author       = "PHPMailer",
	url = "https://github.com/PHPMailer/PHPMailer/wiki/Tutorial",
	urldate         = {2020-01-23}
}

@online {40_mysql1,
	author       = "MySQL",
	url = "https://dev.mysql.com/doc/refman/8.0/en/what-is-mysql.html",
	urldate         = {2019-21-11}
}

@online {40_fontawesome,
	author       = "Font Awesome",
	url = "https://github.com/FortAwesome/Font-Awesome",
	urldate         = {2019-11-13}
}

@online {40_php,
	author       = "PHP",
	url = "https://www.php.net/manual/en/intro-whatis.php",
	urldate         = {2019-11-19}
}



